% Encoding: UTF-8

@Report{paulitsch,
  author      = {Peter Paulitsch},
  title       = {Thickness measurement of sputtered thin films using optical absorption},
  type        = {Projektarbeit},
  institution = {TU Wien Institut für Festkörperphysik},
  year        = {2016},
  date        = {2016-07-07},
}

@Article{film.growth,
  author       = {Felix Mitschker and Marina Prenzel and Jan Benedikt and Christian Maszl and Achim von Keudell},
  title        = {Time resolved measurement of film growth during reactive high power pulsed magnetron sputtering (HIPIMS) of titanium nitride},
  year         = {2013},
  doi          = {10.1088/0022-3727/46/49/495201},
  eprint       = {arXiv:1305.7063},
  howpublished = {J. Phys. D. Appl. Phys., vol. 46, no. 49, p. 495201, Dec. 2013},
}

@Article{deposition,
  author = {Jie Wang and Bo Zhang and Yan-Hui Xu and Wei Wei and Le Fan and Xiang-Tao Pei and Yuan-Zhi Hong and Yong Wang},
  title  = {Deposition and characterization of TiZrV-Pd thin films by dc magnetron sputtering},
  year   = {2015},
  doi    = {10.1088/1674-1137/39/12/127007},
  eprint = {arXiv:1503.08977},
}

@Misc{reactive.sputtering,
  author = {B. G. C. Bos and D. J. Thoen and E. A. F. Haalebos and P. M. L. Gimbel and T. M. Klapwijk and J. J. A. Baselmans and A. Endo},
  title  = {Reactive magnetron sputter deposition of superconducting niobium titanium nitride thin films with different target sizes},
  year   = {2016},
  eprint = {arXiv:1609.01265},
}

@Thesis{gennardo,
  author      = {David Joseph Gennardo},
  title       = {Design, Construction, and optimization of a magnetron sputtering system for urania deposition},
  type        = {mathesis},
  institution = {University of Illinois at Urbana-Champaign},
  year        = {2010},
}

@Comment{jabref-meta: databaseType:biblatex;}
